@article{wei2023analytical,
  title={Analytical Placement with 3D Poissonâ€™s Equation and ADMM-based Optimization for Large-scale 2.5 D Heterogeneous FPGAs},
  author={Wei, Min and Tong, Xingyu and Wen, Yuan and Chen, Jianli and Yu, Jun and Zhu, Wenxing and Chang, Yao-Wen},
  journal={ACM Transactions on Design Automation of Electronic Systems},
  volume={28},
  number={5},
  pages={1--24},
  year={2023},
  publisher={ACM New York, NY}
}

inproceedings{chen2022virtual,
  title={Virtual-path-based timing optimization for VLSI global placement},
  author={Chen, Weijie and Huang, Haishan and Wei, Min and Zou, Peng and Chen, Jianli},
  booktitle={2022 IEEE 16th International Conference on Solid-State \& Integrated Circuit Technology (ICSICT)},
  pages={1--3},
  year={2022},
  organization={IEEE}
}

inproceedings{wen2023effective,
  title={Effective Analytical Placement for Advanced Face-to-Face-Bonded Circuit Designs},
  author={Wen, Yuan and Cai, Zhijie and Tong, Xingyu and Wei, Min and Chen, Jianli},
  booktitle={2023 IEEE 15th International Conference on ASIC (ASICON)},
  pages={1--4},
  year={2023},
  organization={IEEE}
}

@inproceedings{wei2024analytical,
  title={An Analytical Placement Algorithm with Routing topology Optimization},
  author={Wei, Min and Tong, Xingyu and Cai, Zhijie and Zou, Peng and Lin, Zhifeng and Chen, Jianli},
  booktitle={2024 29th Asia and South Pacific Design Automation Conference (ASP-DAC)},
  pages={294--299},
  year={2024},
  organization={IEEE}
}

article{tong2025oo,
  title={OO: Optimized one-die placement for face-to-face bonded 3D ICs},
  author={Tong, Xingyu and Ren, Yuhao and Cai, Zhijie and Zou, Peng and Wei, Min and Wen, Yuan and Lin, Zhifeng and Chen, Jianli},
  journal={Integration},
  volume={102},
  pages={102371},
  year={2025},
  publisher={Elsevier}
}

article{chen2024global,
  title={Global and Local Attention-based Inception U-Net for Static IR Drop Estimation},
  author={Chen, Yilu and Cai, Zhijie and Wei, Min and Lin, Zhifeng and Chen, Jianli},
  journal={arXiv e-prints},
  pages={arXiv--2406},
  year={2024}
}

@inproceedings{lin2024electrostatics,
  title={Electrostatics-based analytical global placement for timing optimization},
  author={Lin, Zhifeng and Wei, Min and Chen, Yilu and Zou, Peng and Chen, Jianli and Chang, Yao-Wen},
  booktitle={2024 Design, Automation \& Test in Europe Conference \& Exhibition (DATE)},
  pages={1--6},
  year={2024},
  organization={IEEE}
}

article{wei2025analytical,
  title={An analytical placement algorithm with looking-ahead routing topology optimization},
  author={Wei, Min and Tong, Xingyu and Cai, Zhijie and Zou, Peng and Lin, Zhifeng and Chen, Jianli},
  journal={Integration},
  volume={100},
  pages={102264},
  year={2025},
  publisher={Elsevier}
}

article{knechtel2025trojan,
  title={Trojan insertion versus layout defenses for modern ICs: Red-versus-blue teaming in a competitive community effort},
  author={Knechtel, Johann and Eslami, Mohammad and Zou, Peng and Wei, Min and Tong, Xingyu and Qiu, Binggang and Cai, Zhijie and Chen, Guohao and Zhu, Benchao and Li, Jiawei and others},
  journal={IACR Transactions on Cryptographic Hardware and Embedded Systems},
  volume={2025},
  number={1},
  pages={37--77},
  year={2025}
}

@inproceedings{chen2024global,
  title={Global and Local Attention-Based Inception U-Net for Static IR Drop Prediction},
  author={Chen, Yilu and Cai, Zhijie and Wei, Min and Lin, Zhifeng and Chen, Jianli},
  booktitle={2024 IEEE 42nd International Conference on Computer Design (ICCD)},
  pages={673--680},
  year={2024},
  organization={IEEE}
}

inproceedings{li2024extensible,
  title={An Extensible Legalization Framework for Multiple Physical Design Constraints},
  author={Li, Jiawei and Zou, Peng and Wei, Min and Chen, Guohao and Lin, Zhifeng and Yu, Jun and Chen, Jianli},
  booktitle={2024 6th International Conference on Circuits and Systems (ICCS)},
  pages={74--79},
  year={2024},
  organization={IEEE}
}

@inproceedings{tong2024layout,
  title={Layout-level Hardware Trojan Prevention in the Context of Physical Design},
  author={Tong, Xingyu and Chen, Guohao and Wei, Min and Cai, Zhijie and Zou, Peng and Lin, Zhifeng and Chen, Jianli},
  booktitle={Proceedings of the 43rd IEEE/ACM International Conference on Computer-Aided Design},
  pages={1--9},
  year={2024}
}

article{bai2024fast,
  title={A fast and high-performance global router with enhanced congestion control},
  author={Bai, Xiqiong and Chen, Yilu and Lin, Zhifeng and Wei, Min and Cai, Zhijie and Zhu, Ziran and Chen, Jianli},
  journal={Integration},
  volume={99},
  pages={102263},
  year={2024},
  publisher={Elsevier}
}

inproceedings{cai2025analytical,
  title={Analytical Layer Assignment with Simulated Annealing Refinement},
  author={Cai, Zhijie and Wei, Min and Zou, Peng and Bai, Xiqiong and Lin, Zhifeng and Chen, Jianli},
  booktitle={2025 IEEE International Symposium on Circuits and Systems (ISCAS)},
  pages={1--5},
  year={2025},
  organization={IEEE}
}
